Plačiau apie šaltinių tipus ir jų atributus:
http://mirror.datacenter.by/pub/mirrors/CTAN/macros/latex/contrib/biblatex/doc/biblatex.pdf#subsection.2.1

@online{Kursinis,
    title={Paieškos proceso ir jos rezultatų pateikimo vartotojams panaudojamumas VUL Santaros klinikų puslapyje},
    author={Tomas Kiziela},
    url={https://github.com/Steror/Kursinis-darbas/blob/master/kursinis.pdf},
    year={2019},
    langid={lietuvių},
}

@online{VulSkApieMusLt,
    title={Apie mus},
    author={{Vilniaus universiteto ligoninės Santaros klinikos}},
    url={http://santa.lt/index.php?option=com_content&view=article&id=49&Itemid=139},
    year={2019},
    langid={lietuvių},
}

@article{InternetUseByPublicSAEn,
    author={AlGhamdi KM and Moussa NA},
    title={Internet use by the public to search for health-related information},
    journaltitle={International Journal of Medical Informatics},
    volume={81},
    url={https://www.sciencedirect.com/science/article/pii/S1386505611002644},
    year={2012},
    langid={english},
} 

@article{InternetUseByPublicHKEn,
    author={Joanna TW Chu and Man Ping Wang and Chen Shen and Kasisomayajula Viswanath and Tai Hing Lam and Sophia Siu Chee Chan},
    title={How, When and Why People Seek Health Information Online: Qualitative Study in Hong Kong},
    journaltitle={Interactive journal of medical research},
    volume={6},
    url={https://www.ncbi.nlm.nih.gov/pmc/articles/PMC5743920/},
    year={2017},
    langid={english},
    editor={Gunther Eysenbach},
    publisher={JMIR Publications},
} 

@article{InternetasLt,
    author={Informacinės visuomenės plėtros komitetas},
    title={Lietuva užima 13-ą vietą Europos Komisijos paskelbtame ES skaitmeninės ekonomikos ir visuomenės indekse},
    url={https://ivpk.lrv.lt/lt/naujienos/lietuva-uzima-13-a-vieta-europos-komisijos-paskelbtame-es-skaitmenines-ekonomikos-ir-visuomenes-indekse-2},
    year={2018},
    langid={lietuvių},
}

@article{Scrolling,
    author={Therese Fessenden},
    title={Scrolling and Attention},
    url={https://www.nngroup.com/articles/scrolling-and-attention/},
    year={2018},
    langid={anglų},
}

@article{AttentionLeft,
    author={Therese Fessenden},
    title={Horizontal Attention Leans Left},
    url={https://www.nngroup.com/articles/horizontal-attention-leans-left/},
    year={2017},
    langid={anglų},
}

@online{MVCDefinition,
    title={MVC},
    author={Per Christensson},
    url={https://techterms.com/definition/mvc},
    year={2018},
    langid={anglų},
}

@online{MVCSO1,
    title={When NOT to use MVC in a Web Application?},
    author={{Stack Overflow}},
    url={https://stackoverflow.com/questions/1531907/when-not-to-use-mvc-in-a-web-application},
    year={2009},
    langid={anglų},
}

@online{MVCSO2,
    title={Where we should not use MVC?},
    author={{Stack Exchange}},
    url={https://softwareengineering.stackexchange.com/questions/280383/where-we-should-not-use-mvc},
    year={2015},
    langid={anglų},
}

@online{MVCSO3,
    title={Using a database to store and get html pages for website},
    author={{Stack Overflow}},
    url={https://stackoverflow.com/questions/19767510/using-a-database-to-store-and-get-html-pages-for-website},
    year={2013},
    langid={anglų},
}

@inproceedings{NielsenHeuristicsEn,
  title={Enhancing the explanatory power of usability heuristics},
  author={Nielsen, Jakob},
  booktitle={Proceedings of the SIGCHI conference on Human Factors in Computing Systems},
  pages={152--158},
  year={1994},
  organization={ACM}
}

@online{SearchGuidelinesEn,
    title={20 search usability guidelines},
    author={David Travis},
    url={https://www.userfocus.co.uk/resources/searchchecklist.html},
    year={2016},
    langid={english},
}

@online{NavigationAndIAGuidelinesEn,
    title={29 navigation and IA usability guidelines},
    author={David Travis},
    url={https://www.userfocus.co.uk/resources/navchecklist.html},
    year={2016},
    langid={english},
}

@online{TopVsLeftNav,
    title={Top Navigation vs Left Navigation: Which Works Better?},
    author={Anthony},
    url={https://uxmovement.com/navigation/top-navigation-vs-left-navigation-which-works-better/},
    year={2010},
    langid={english},
}

@online{TopVsLeftNav2,
    title={Vertical or Horizontal Navigation for your Dashboard?},
    author={Ana-Maria Ghinita},
    url={https://blog.prototypr.io/vertical-or-horizontal-navigation-for-your-dashboard-3611ff8c1a57},
    year={2018},
    langid={english},
}

@online{LeftNav,
    title={Vertical Navigation},
    author={Patternfly},
    url={https://www.patternfly.org/v3/pattern-library/navigation/vertical-navigation/index.html},
    year={},
    langid={english},
}